<record><leader>00000cas a22000007a 4500</leader><controlfield tag="001">13336945</controlfield><controlfield tag="008">860324c19349999mtuwr ne      0    0eng d</controlfield><datafield ind1=" " ind2=" " tag="010"><subfield code="a">sn 86075087 </subfield></datafield><datafield ind1=" " ind2=" " tag="040"><subfield code="a">MTL</subfield><subfield code="b">eng</subfield><subfield code="c">MTL</subfield><subfield code="d">OCLCQ</subfield></datafield><datafield ind1=" " ind2=" " tag="042"><subfield code="a">msc</subfield></datafield><datafield ind1="0" ind2=" " tag="130"><subfield code="a">Meagher County news (White Sulphur Springs, Mont. : 1934)</subfield></datafield><datafield ind1="1" ind2="4" tag="245"><subfield code="a">The Meagher County news.</subfield></datafield><datafield ind1=" " ind2=" " tag="260"><subfield code="a">White Sulphur Springs, Mont. :</subfield><subfield code="b">F.J. Ward,</subfield><subfield code="c">1934-</subfield></datafield><datafield ind1=" " ind2=" " tag="300"><subfield code="a">v. :</subfield><subfield code="b">ill. ;</subfield><subfield code="c">54 cm.</subfield></datafield><datafield ind1=" " ind2=" " tag="310"><subfield code="a">Weekly</subfield></datafield><datafield ind1="0" ind2=" " tag="362"><subfield code="a">Vol. 34, no. 12 (July 4, 1934)-</subfield></datafield><datafield ind1=" " ind2=" " tag="752"><subfield code="a">United States</subfield><subfield code="b">Montana</subfield><subfield code="c">Meagher</subfield><subfield code="d">White Sulphur Springs.</subfield></datafield><datafield ind1="0" ind2="0" tag="780"><subfield code="t">Meagher Republican</subfield><subfield code="w">(DLC)sn 86075088</subfield></datafield><datafield ind1="1" ind2=" " tag="029"><subfield code="a">AU@</subfield><subfield code="b">000025801787</subfield></datafield></record>